% Encoding: UTF-8

@Book{halstenberg:2020,
  author = {J{\"u}rgen Halstenberg and Bernd Pfitzinger and Thomas Jest{\"a}dt},
  date   = {2020},
  title  = {DevOps: Ein {\"U}berblick},
  isbn   = {3658314044},
}

@Online{novatec:2021,
  author = {{Novatec Consulting GmbH}},
  date   = {2021-05-21},
  title  = {DevOps},
  url    = {https://www.novatec-gmbh.de/beratung/devops/},
}

@Online{curra:2020,
  author = {Ivana Yael Curr√°},
  date   = {2020-10-10},
  title  = {The Three Ways Framework Approach for DevOps on Business},
  url    = {https://ivanayael.medium.com/the-three-ways-framework-approach-for-devops-on-business-cfc745c7f091},
}

@Online{uplink:2021,
  author  = {{Uplink Tech Community GmbH}},
  title   = {DevOps},
  url     = {https://uplink.tech/skills/devops},
  urldate = {2021-08-26},
}

@Comment{jabref-meta: databaseType:biblatex;}
